
@article{staras1972accuracy,
	title={The accuracy of vehicle location by trilateration in a dense urban environment},
	author={Staras, Harold and Honickman, SN},
	journal={IEEE Transactions on Vehicular Technology},
	volume={21},
	number={1},
	pages={38--43},
	year={1972},
	publisher={IEEE}
}

@article{hochreiter1997long,
	title={Long short-term memory},
	author={Hochreiter, Sepp and Schmidhuber, J{\"u}rgen},
	journal={Neural computation},
	volume={9},
	number={8},
	pages={1735--1780},
	year={1997},
	publisher={MIT Press}
}


@article{cho2014learning,
	title={Learning phrase representations using RNN encoder-decoder for statistical machine translation},
	author={Cho, Kyunghyun and Van Merri{\"e}nboer, Bart and Gulcehre, Caglar and Bahdanau, Dzmitry and Bougares, Fethi and Schwenk, Holger and Bengio, Yoshua},
	journal={arXiv preprint arXiv:1406.1078},
	year={2014}
}

@inproceedings{sak2014long,
	title={Long short-term memory recurrent neural network architectures for large scale acoustic modeling},
	author={Sak, Ha{\c{s}}im and Senior, Andrew and Beaufays, Fran{\c{c}}oise},
	booktitle={Fifteenth annual conference of the international speech communication association},
	year={2014}
}


@article{schuster1997bidirectional,
	title={Bidirectional recurrent neural networks},
	author={Schuster, Mike and Paliwal, Kuldip K},
	journal={IEEE Transactions on Signal Processing},
	volume={45},
	number={11},
	pages={2673--2681},
	year={1997},
	publisher={IEEE}
}